<record><leader>00000cas a2200000 a 4500</leader><controlfield tag="001">11293840</controlfield><controlfield tag="008">841022d18961898ksuwr ne      0    0eng d</controlfield><datafield ind1=" " ind2=" " tag="010"><subfield code="a">sn 84029894 </subfield></datafield><datafield ind1=" " ind2=" " tag="040"><subfield code="a">KSH</subfield><subfield code="b">eng</subfield><subfield code="c">KSH</subfield><subfield code="d">NPT</subfield><subfield code="d">NPX</subfield><subfield code="d">OCL</subfield><subfield code="d">OCLCQ</subfield></datafield><datafield ind1=" " ind2=" " tag="042"><subfield code="a">msc</subfield></datafield><datafield ind1="0" ind2="4" tag="245"><subfield code="a">The Ottawa weekly times.</subfield></datafield><datafield ind1=" " ind2=" " tag="260"><subfield code="a">Ottawa, Kan. :</subfield><subfield code="b">G.W. Miller &amp; Sons,</subfield><subfield code="c">1896-1898.</subfield></datafield><datafield ind1=" " ind2=" " tag="300"><subfield code="a">3 v. :</subfield><subfield code="b">ill. ;</subfield><subfield code="c">65 cm.</subfield></datafield><datafield ind1=" " ind2=" " tag="310"><subfield code="a">Weekly</subfield></datafield><datafield ind1="0" ind2=" " tag="362"><subfield code="a">Vol. 4. no. 20 (Mar. 5, 1896)-v. 7, no. 9 (Dec. 15, 1898).</subfield></datafield><datafield ind1=" " ind2=" " tag="500"><subfield code="a">Publisher: P.P. Elder, Mar. 19, 1896-Dec. 15, 1898.</subfield></datafield><datafield ind1=" " ind2=" " tag="525"><subfield code="a">Issue for Oct. 29, 1896 has supplement.</subfield></datafield><datafield ind1=" " ind2=" " tag="752"><subfield code="a">United States</subfield><subfield code="b">Kansas</subfield><subfield code="c">Franklin</subfield><subfield code="d">Ottawa.</subfield></datafield><datafield ind1="0" ind2="0" tag="780"><subfield code="t">Ottawa tri-weekly times and bulletin</subfield><subfield code="w">(DLC)sn 84029893</subfield></datafield><datafield ind1="0" ind2="7" tag="785"><subfield code="t">Ottawa Republican (Ottawa, Kan.)</subfield><subfield code="w">(DLC)sn 84029930</subfield></datafield><datafield ind1="0" ind2="7" tag="785"><subfield code="t">Ottawa Republican and weekly times</subfield><subfield code="w">(DLC)sn 84029928</subfield></datafield></record>